2196 3310
417 283 462 316 5ss
919 294 1099 316 genuinum
1129 294 1318 315 omarum.
1346 294 1419 315 επ.

494 360 636 408 Optime
667 373 684 392 a
714 359 925 393 CAR-nomm
956 359 996 391 (),
1027 361 1203 393 viscosum
1234 357 1468 392 HORNFMANNJ
1495 365 1534 392 ut
1552 370 1771 406 synonymon
1795 356 1938 404 hujusce

425 424 549 471 speciei
580 422 737 456 liabetur.

503 538 732 571 oin-ominum
761 545 942 570 iLLimcrm
971 535 1011 568 L.

547 611 616 647 Hal).
648 611 733 659 Legi
762 612 921 659 Augusto
950 611 985 643 in
1014 609 1150 644 insulae
1178 609 1356 659 Corcyrae
1386 618 1505 644 monte
1534 611 1822 644 Parza'okrator·c1.

498 674 525 706 A
559 674 669 722 stirpe
698 672 884 707 dalmatica
913 686 983 707 non
1005 672 1123 707 differt
1142 673 1209 708 nisi
1231 681 1366 708 statura
1387 672 1510 721 majori
1539 681 1572 707 et
1602 673 1680 707 lana
1701 674 1813 720 magis
1833 672 1940 707 densa

424 744 459 770 et
489 735 706 771 candidiore.

501 838 659 873 Cinium
689 849 823 873 LAMTA
854 837 912 871 W.

549 914 621 950 Hah.
652 913 793 948 Crescit
819 914 853 947 in
884 912 1032 947 collibus
1062 911 1105 946 ad
1125 911 1361 947 Demerdeselz
1382 924 1538 945 necnon
1561 911 1604 945 ad
1633 913 1704 945 vias
1733 912 1767 944 in
1797 911 1942 960 planitie

425 978 520 1011 circa
548 977 726 1011 Brussam.
757 976 847 1010 Tota
876 983 1006 1010 aestate
1035 974 1148 1010 floret.

505 1041 575 1076 Obs.
610 1040 639 1073 A
669 1041 709 1073 C.
738 1043 859 1074 lanata
888 1047 1071 1073 auctorum
1110 1038 1244 1073 differt:
1282 1039 1438 1087 squamis
1466 1037 1640 1072 involucri
1671 1036 1780 1072 medii
1807 1036 1945 1071 lineari-

431 1102 656 1146 lanceolaffls,
686 1102 878 1147 subtilatis7
907 1101 1222 1145 viridescentibus,
1249 1102 1410 1149 margine
1430 1109 1565 1135 tantum
1596 1101 1758 1135 scariosis
1785 1108 1820 1134 et
1841 1098 1945 1134 dorso

428 1166 573 1210 lanatis,
602 1178 667 1200 nec
694 1169 854 1200 muticis!
881 1168 1051 1200 scariosis
1078 1173 1117 1199 ut
1144 1165 1181 1199 in
1209 1165 1260 1199 Fl.
1289 1164 1412 1199 rumel.
1441 1163 1654 1213 perhibitur.

504 1229 653 1263 Plantae
681 1237 816 1263 statura
844 1241 981 1264 summe
1009 1229 1125 1272 varia,
1160 1241 1224 1262 1-2
1245 1227 1462 1277 spidmmea,
1490 1226 1642 1261 subinde
1669 1227 1723 1261 vix
1750 1225 1947 1274 sesquipol-

429 1292 547 1327 licaris
574 1300 610 1327 et
637 1300 722 1326 tunc
750 1291 918 1326 anthodia
946 1292 1105 1325 minima.
1135 1291 1231 1326 Folia
1253 1292 1389 1335 omnia,
1417 1291 1452 1324 in
1474 1290 1593 1339 planta
1622 1289 1784 1332 florente,
1809 1301 1948 1337 semper

434 1356 668 1391 exsiccatione
697 1355 837 1390 detrita.

510 1458 666 1493 CARLINA
695 1467 905 1492 CORYMBOSA
933 1457 974 1489 L.

560 1532 631 1570 Hal).
661 1533 703 1566 Iu
732 1532 878 1580 planitie
905 1531 1102 1567 atheniensi
1131 1544 1241 1580 prope
1268 1530 1472 1580 Acropolim
1499 1530 1738 1578 vulgatissima
1772 1528 1951 1578 reperitur

434 1602 576 1630 aestate.

510 1698 733 1734 ATRACTYus
761 1709 972 1733 GUMMIFERA
1003 1696 1062 1732 W.

557 1774 628 1810 Hah.
657 1774 746 1822 Legi
774 1781 908 1808 aestate
935 1774 971 1807 in
998 1773 1146 1822 planitie
1176 1772 1373 1807 atheniensi
1402 1773 1593 1821 superiori.

514 1834 887 1885 Cynarocephalarum
915 1837 1022 1885 stirps
1050 1835 1245 1879 mirabilis,
1273 1834 1441 1870 anthodio
1468 1836 1631 1884 giganteo
1659 1835 1784 1870 acauli.

515 1935 739 1971 ATRACTYIAS
767 1946 993 1971 CANCELLATA
1021 1935 1060 1968 L.

560 2013 632 2050 Hah.
662 2012 888 2061 Frequenter
914 2011 1032 2060 reperi
1059 2012 1094 2045 in
1122 2019 1244 2046 monte
1271 2011 1452 2060 Hymetto.

513 2116 532 2148 J
536 2123 666 2148 unium
695 2122 966 2148 communium
994 2110 1068 2145 DC.

565 2188 635 2225 Bab.
678 2187 821 2236 Species
855 2186 1035 2230 formosa,
1062 2186 1156 2221 Julio
1193 2186 1345 2230 florens,
1379 2187 1414 2221 in
1452 2187 1610 2222 convalle
1648 2186 1801 2236 quadam
1840 2187 1958 2237 alpina

442 2250 586 2300 Olympi
614 2249 702 2285 biih.
733 2250 870 2284 Eurum
899 2262 1037 2294 versus,
1064 2249 1150 2284 mihi
1179 2257 1315 2284 tantum
1343 2251 1508 2285 occurrit.

518 2314 588 2350 θῦε.
627 2313 718 2348 Cum
746 2313 935 2348 autenticis
963 2312 1222 2362 speciminibus
1259 2311 1417 2347 herbarii
1445 2312 1642 2347 Webbiani
1669 2321 1791 2348 nostra
1817 2314 1962 2348 omnino

442 2376 578 2411 similis.
606 2375 785 2410 Involucii
811 2375 930 2410 foliola
958 2377 1076 2425 potius
1096 2374 1456 2419 lineari-lanceolata,
1476 2375 1661 2420 subulam,
1690 2389 1796 2425 quam
1823 2375 1963 2410 lanceo-

444 2439 733 2474 lam-acuminata
760 2437 921 2473 dicenda.
949 2438 1105 2473 Aclienia
1132 2438 1360 2487 squamulosa
1387 2438 1567 2488 subpilosa
1587 2451 1706 2488 pappo
1736 2437 1963 2474 coronisormi

443 2502 566 2551 exiguo
605 2500 931 2537 lobulato—dentato
967 2502 1150 2536 instructa.
1195 2500 1294 2535 Folia
1335 2500 1502 2536 inferiora
1542 2501 1754 2551 plerumque
1794 2502 1963 2551 pinnato-

447 2565 599 2614 partita,
628 2563 689 2599 sed
716 2564 785 2600 huc
812 2573 848 2600 et
874 2564 958 2599 illuc
987 2565 1092 2600 etiam
1121 2566 1257 2612 integra
1293 2573 1328 2599 et
1361 2563 1508 2600 obverse
1536 2564 1752 2609 lanceolata;
1783 2565 1963 2614 superiora

449 2627 629 2664 interdum
660 2627 927 2677 squamisormia
944 2656 953 2672 ‚
982 2628 1123 2676 saepius
1151 2627 1310 2663 linearia.
