2196 3310
629 306 1377 423 ivviarrrivrvrrrrr
1427 325 1687 395 *2212*

755 1145 1197 1185 PRAEFA'rlo

234 1828 412 1900 AEstate
440 1860 533 1907 1849
561 1860 747 1893 Anconam
768 1853 952 1905 oppidum,
971 1851 1166 1887 Austriacis
1185 1863 1226 1885 eo
1246 1846 1505 1898 ingruentibus,
1528 1844 1636 1879 invite
1656 1841 1747 1878 salu-

234 1934 327 1970 tans,
359 1925 555 1973 Corcyram
586 1920 739 1956 insulam
767 1919 946 1968 primum,
975 1913 1104 1951 deinde
1123 1914 1331 1955 Graeciam,
1359 1909 1574 1954 Thraciam,
1602 1904 1751 1941 nonnul·

233 1990 354 2038 lasque
383 1987 486 2023 Asiae
512 1985 659 2020 minoris
687 1984 847 2032 regiones
876 1979 976 2015 adivi.
1004 1977 1061 2013 Ob
1087 1978 1227 2012 Patriae
1256 1973 1487 2011 conculcatae
1523 1981 1750 2011 moerorem,

234 2050 410 2102 profunde
437 2049 740 2096 vehementerque
768 2046 887 2080 animo
906 2042 1055 2086 fractus,
1083 2040 1208 2076 studiis
1227 2036 1450 2088 gravioribus
1468 2036 1600 2084 impar,
1626 2033 1664 2067 in
1688 2030 1754 2065 hac

233 2128 312 2150 mea
340 2112 629 2163 peregrinatione
657 2106 866 2158 colligendis
885 2104 1060 2154 stirpibus
1087 2104 1205 2138 minus
1232 2101 1326 2136 notis
1347 2099 1404 2135 vel
1423 2110 1545 2133 earum
1566 2096 1752 2144 regionum

236 2176 429 2212 rarioribus
456 2187 605 2224 operam
627 2171 719 2208 dedi.

313 2240 490 2289 Corcyrae
518 2238 624 2272 litora
652 2236 769 2271 omnia
786 2264 795 2279 ‚
824 2232 1054 2283 ejusdemque
1087 2236 1244 2265 montem
1281 2227 1443 2262 altiorem
1480 2221 1754 2259 Pandokraeora

238 2310 483 2353 nuncupatum
500 2329 511 2346 ,
539 2300 675 2350 pluries
701 2297 919 2346 investigavi.

315 2365 464 2401 Athenis
483 2363 609 2399 deinde
624 2373 768 2398 menses
783 2367 919 2410 septem
940 2363 1191 2399 commoratus,
1207 2353 1391 2404 planitiem
1409 2361 1521 2400 paene
1539 2348 1760 2390 universam,

240 2430 378 2466 Piraeei
411 2437 446 2464 et
474 2426 636 2462 Phalerei
672 2425 778 2460 litora
812 2435 878 2458 nec
914 2434 987 2457 non
1018 2427 1158 2455 montes
1185 2418 1338 2461 Par-nis,
1366 2415 1580 2450 Pentilicum
1611 2417 1647 2445 et
1680 2409 1757 2456 Hr-

243 2500 387 2528 mettum
415 2488 732 2541 septentrionalem
759 2483 1104 2532 meridionalemque
1128 2479 1351 2531 perlustravi.

318 2554 456 2592 Eodem
472 2565 566 2588 anno
587 2565 598 2586 1
607 2551 692 2596 850,
709 2564 728 2584 a
742 2562 826 2585 vere
845 2555 996 2584 exeunte
1010 2547 1047 2581 in
1061 2551 1247 2587 aestatem,
1257 2539 1423 2592 Byzantii
1436 2536 1618 2580 suburbia,
1632 2542 1763 2570 terras-

248 2632 319 2669 que
339 2618 552 2654 remotiores
579 2616 735 2651 Pontum
756 2612 935 2647 Euxinum
955 2608 1215 2659 pertingentes,
1241 2617 1342 2641 oram
1359 2600 1536 2653 Bosphori
1554 2597 1763 2636 orientalem
