2196 3310
778 259 799 282 A
825 257 975 281 υῐοεΕΡΗο
1003 254 1177 278 CLI-:MENTI
1688 231 1731 275 45

297 333 515 365 Tonm'mum
542 336 685 361 APULcm
712 324 751 357 L.

349 404 419 441 Hal).
449 404 488 437 In
517 400 664 436 collibus
691 398 886 448 byzantinis
912 396 1001 432 ultra
1030 398 1056 429 il
1075 394 1172 429 Gran
1195 392 1328 439 Campo
1351 387 1434 422 mihi
1463 385 1615 420 occurrit
1643 382 1735 417 haud

223 468 390 516 frequens
419 473 551 501 aestate
579 472 613 498 et
640 470 819 497 autumno.

301 583 454 615 'somus
483 588 621 613 NODOSA
649 574 722 609 DC.

349 655 419 691 Hah.
448 652 577 688 Iisdem
607 653 642 685 in
670 650 754 685 locis
782 661 862 684 cum
891 645 1056 695 Tordylio
1084 643 1306 693 frequentius
1334 641 1496 675 occurrit.

300 759 452 791 Tomms
483 765 632 790 lNFESTA
659 753 814 786 BERTOL.

352 832 424 867 Hah.
455 830 623 879 Byzantii.

704 933 1264 987 ARALIACEAE.

305 1073 452 1105 lienam
483 1059 675 1104 ronTARUm
705 1065 809 1099 BERT.

357 1147 428 1183 Hah.
469 1144 551 1178 Uno
587 1143 665 1176 loco
702 1139 790 1175 mihi
826 1137 979 1173 occurrit
1015 1136 1059 1170 ab
1096 1133 1243 1169 Athenis
1280 1145 1349 1167 non
1389 1131 1490 1179 longe
1518 1130 1744 1172 Kiessariany

235 1216 450 1258 nuncupato.
480 1206 600 1241 Floret
628 1211 758 1239 aestate
786 1200 978 1237 decedente
1005 1207 1041 1234 et
1068 1206 1240 1233 autumno
1267 1193 1467 1230 fructificat.

784 1321 1197 1371 CORNEAE.

312 1413 458 1448 Comws
485 1419 646 1445 MASCULA
672 1407 712 1440 L.

365 1486 435 1522 Hah.
464 1485 505 1518 In
534 1483 679 1532 sepibus
705 1480 916 1531 byzantinis.

633 1597 1351 1650 LORANTHACEAE.

314 1728 341 1761 V
347 1736 452 1761 iseum
479 1734 597 1760 ALBUM
624 1723 665 1756 L.

364 1801 433 1838 Hah.
462 1798 518 1834 Ad
545 1798 697 1833 abietem
725 1794 900 1845 Apollinis
926 1795 963 1828 in
990 1799 1103 1828 mont.
1131 1791 1254 1825 Parnis
1283 1788 1351 1824 ath.

597 1902 1390 1958 CAPRIFOLIACEAE.

315 2043 503 2077 LONICERA
529 2047 775 2074 CAPmFomUM
801 2035 841 2069 L.
869 2033 1022 2069 arborea
1051 2030 1163 2066 CLEM.

366 2117 437 2153 Hah.
466 2114 606 2149 Crescit
632 2111 676 2147 ad
701 2111 879 2161 margines
906 2121 1075 2158 agrorum
1093 2117 1208 2156 prope
1227 2105 1394 2139 Brussam
1414 2101 1606 2136 asiaticam.
1635 2098 1758 2134 Floret

241 2192 364 2216 mense
392 2178 553 2227 Augusti.

320 2244 389 2280 θῦε.
417 2240 572 2290 Capituli
600 2251 722 2274 omnes
750 2233 1123 2273 ternam-terminales.
1161 2231 1327 2267 Truncus
1355 2228 1539 2264 arboreus.
1585 2226 1689 2261 Rami
1724 2233 1760 2259 et

242 2306 388 2341 dorsum
414 2303 580 2339 foliorum
599 2302 757 2338 omnium
776 2307 1014 2337 conflatorum
1033 2297 1213 2346 pruinosa.
1240 2293 1359 2329 Minus
1387 2304 1495 2341 quam
1513 2290 1631 2340 specie
1651 2287 1760 2324 odore

243 2377 347 2419 grato
377 2371 498 2402 sca'tet.
526 2367 581 2401 An
607 2366 647 2400 L.
676 2362 850 2400 etrusca?

737 2473 1268 2524 STELLATAE.

321 2599 511 2636 ASPERULA
539 2605 788 2634 mvonucmu
817 2592 968 2629 Wfflm.
997 2603 1038 2626 ex
1064 2589 1115 2625 Fl.
1144 2588 1269 2624 rumel.
1301 2602 1332 2622 2.
1361 2601 1394 2635 p.
1430 2586 1507 2635 167.
