2196 3310
820 232 840 254 Α
866 231 1017 254 JOSEPHO
1045 231 1219 253 CLI-:MENTI
1740 222 1782 255 25

265 295 389 329 Yariat
420 294 561 343 glabra,
600 303 746 344 totaque
782 294 1142 343 piloso-glandulosa‚
1181 295 1286 330 ramis
1315 297 1500 344 prostratis
1537 295 1785 331 adscendenti-

269 357 390 392 busve.
418 356 569 392 Formae
596 357 746 406 majores
763 384 771 400 7
799 356 1160 406 glanduloso-liirtae,
1191 357 1315 392 habitu
1342 356 1387 392 ad
1414 358 1613 393 arenariam
1645 372 1785 393 macro—

266 433 384 469 ryzani
427 418 625 463 accedunt,
668 419 729 455 sed
764 420 901 455 semina
937 420 973 454 in
1014 429 1133 455 nostra
1174 428 1349 470 quantum
1390 420 1510 456 videre
1551 421 1634 456 licet
1669 423 1787 457 omnia

265 491 397 531 aptera.

342 598 539 631 Momcnm
567 606 721 631 ΜΑΝΤιεΑ
748 595 879 631 BARTL.

394 671 463 708 ssah.
506 671 547 705 In
585 670 735 706 collibus
773 672 902 721 apricis
940 671 1035 705 ultra
1068 676 1094 706 il
1128 672 1226 707 Gran
1257 672 1393 721 Campo
1427 674 1465 708 di
1501 675 1787 724 Costantinopoli

266 733 408 768 abunde
438 734 629 783 provenit3
657 747 722 769 nec
749 734 818 769 ulla
846 742 926 769 nota
955 733 1073 769 differt
1101 748 1120 769 a
1147 735 1265 784 planta
1302 736 1335 769 in
1374 735 1466 785 sylva
1494 737 1649 772 Mantica
1685 750 1785 772 vero—

263 798 363 832 nensi
392 797 560 846 primitus
589 797 690 832 lecta.
719 797 840 832 Floret
866 798 982 847 primo
1010 810 1102 832 vere.

345 910 551 946 CERASTIFM
579 921 860 947 GRAnnirtonrm
887 910 948 945 W.
976 912 1020 946 K.
1050 924 1121 945 var.
1146 911 1355 958 glabratum
1382 912 1499 946 Boiss.
1531 913 1566 946 in
1595 912 1659 947 litt.

391 986 463 1023 Hal).
491 986 578 1035 Legi
605 987 642 1020 in
670 984 937 1021 declivitatibus
964 986 1163 1036 subalpinis
1192 987 1334 1037 Olympi
1362 986 1452 1022 bith.
1482 989 1572 1037 Aug.
1602 1001 1733 1023 mense.

339 1050 410 1085 abs.
441 1049 532 1084 Tota
560 1049 679 1098 planta
707 1049 787 1099 pilis
815 1049 973 1094 reflexis,
1002 1049 1078 1084 basi
1105 1050 1685 1087 submembranaceo·fiirfuraceis
1714 1064 1789 1087 sca-

268 1112 458 1147 briuscula.

343 1227 548 1262 CERASTIUM
575 1236 748 1262 wscosuu
775 1227 813 1260 L.

392 1302 463 1338 Hah.
492 1302 579 1351 Legi
607 1302 644 1336 in
672 1301 821 1337 collibus
848 1301 1068 1352 byzantinis,
1096 1302 1156 1337 ubi
1184 1302 1337 1337 formam
1361 1303 1599 1352 perhumilem
1627 1304 1785 1353 praebet.

342 1417 547 1451 CERASTmm
575 1427 730 1452 PiLoer
757 1415 809 1450 Fl.
838 1429 954 1465 graec.

390 1492 462 1528 Hah.
489 1491 531 1525 In
552 1493 690 1541 pascuis
712 1492 894 1527 sterilibus
913 1490 1177 1528 atheniensibus
1197 1500 1269 1527 tota
1290 1500 1422 1528 aestate
1436 1491 1599 1542 undique
1612 1494 1787 1542 provenit.

343 1555 415 1591 obs.
444 1555 571 1589 Variat
597 1563 733 1590 statura
760 1568 932 1605 pygmaea
960 1564 997 1590 et
1023 1555 1300 1606 subspithamea.
1329 1556 1372 1590 In
1399 1556 1523 1606 planta
1559 1556 1696 1592 elatiori
1727 1556 1790 1605 pili

265 1618 382 1652 minus
411 1616 510 1653 densi
538 1616 601 1653 sed
628 1625 834 1654 constanter
861 1626 1044 1667 patentes,
1072 1618 1241 1663 candidi,
1269 1619 1465 1668 longissimi
1493 1628 1622 1655 extant.

341 1732 546 1767 CERASTIUM
573 1742 742 1767 LANATUM
769 1732 903 1767 LAMCK.

391 1804 462 1842 Hah.
491 1805 533 1840 In
561 1814 682 1841 monte
710 1806 838 1841 Parnis
864 1805 1010 1842 ditionis
1028 1807 1275 1856 praecedentis
1294 1815 1466 1842 autumno
1491 1808 1687 1856 incipiente
1707 1808 1788 1857 legi.

343 1920 550 1954 CERASTmm
577 1930 763 1955 Tmemmu
789 1919 892 1953 Vm„
924 1939 970 1946 —
998 1919 1167 1954 Stellaria
1193 1921 1409 1955 cerastoides
1435 1921 1475 1955 L.

388 1994 459 2031 Hah.
487 1994 576 2044 Legi
603 2008 676 2029 uno
704 1994 781 2030 loco
809 1993 975 2030 humenti
1003 1996 1040 2029 in
1067 1996 1213 2045 regione
1239 1996 1357 2046 alpina
1377 1996 1522 2046 Olympi
1548 1996 1635 2031 bith.
1665 1996 1788 2032 Floret

265 2058 352 2106 Aug.
380 2069 513 2092 mense.

341 2121 412 2157 obs.
442 2119 568 2155 Caules
595 2133 667 2155 uno
694 2120 805 2155 latere
832 2120 949 2156 obiter
983 2120 1243 2171 pubescentes,
1264 2129 1431 2171 ‘superne
1466 2121 1628 2172 undique
1655 2122 1786 2172 piloso—

269 2181 547 2231 subglandulosi.
581 2182 680 2218 Folia
717 2182 869 2228 falcata,
901 2191 1114 2234 angustata,
1142 2185 1259 2234 potius
1293 2184 1443 2220 linearia
1469 2199 1577 2235 quam
1614 2185 1786 2234 oblongo-

265 2245 471 2281 lanceolata.
516 2246 640 2296 Sepala
667 2246 792 2282 obtusa
821 2246 1092 2297 ovato-oblonga
1107 2276 1117 2293 ,
1144 2247 1283 2284 inferne
1311 2248 1480 2284 trinervia
1495 2277 1505 2294 ,
1532 2249 1587 2284 vix
1615 2249 1785 2284 carinata.

342 2361 568 2396 Hotosmnm
595 2371 838 2398 UMBELLATUM
864 2361 904 2395 L.

387 2435 460 2473 Hah.
490 2434 534 2470 In
560 2435 690 2470 Attica.
