2196 3310
723 288 743 310 Α
770 287 918 310 sosepno
947 285 1119 308 omnm-Ti
1660 269 1678 301 5

240 354 312 389 Nec
350 353 531 389 brevitatis
568 364 705 396 amore,
745 364 810 385 nec
844 350 956 385 multo
991 350 1109 384 minus
1147 347 1277 396 ingrati
1314 346 1420 379 animi
1457 356 1605 386 caussa,
1641 357 1679 377 ea

164 420 284 452 omnia
312 430 421 466 quae,
449 428 589 451 summa
616 414 852 457 liberalitate,
880 413 935 447 vel
973 425 1118 461 perrara
1152 412 1187 444 in
1223 422 1279 444 nie
1307 409 1462 443 amicilia
1479 436 1486 449 ,
1522 406 1680 440 nonnulli

163 480 404 515 humanissimi
432 479 496 513 viri
524 477 610 513 mihi
638 478 672 511 in
700 489 781 512 meo
809 477 936 511 itinere
964 475 1138 523 impertiti
1166 481 1268 517 sunt,
1296 472 1492 507 obliviscar.

239 545 285 577 Et
312 543 471 591 primuni
500 541 694 575 Doctorem
721 540 880 574 BRAILAM
911 550 1176 587 coreyrensem,
1205 537 1267 585 qni
1287 548 1404 570 ineam
1424 535 1461 568 in
1489 533 1604 567 insula
1625 545 1681 566 re-

165 606 383 654 ceptionem,
402 613 500 647 tunc,
514 617 579 653 pro
601 602 788 639 eventibus
809 601 983 645 adversis,
1006 599 1173 643 arduam,
1201 612 1340 634 summa
1360 597 1543 632 alacritate
1571 595 1683 644 expla-

166 670 286 708 navit,
315 676 350 702 et
378 666 505 702 deinde
534 666 699 715 epistolas
726 666 868 700 intimas
896 663 941 698 ad
977 665 1046 698 iter
1081 676 1146 711 per
1174 663 1363 696 Graeciam
1395 657 1684 709 prosequendum

165 729 272 774 dedit,
301 738 401 778 grato
421 731 540 764 animo
560 727 745 764 recordor.
772 727 984 762 Praeclarae
1003 734 1039 760 et
1062 725 1301 760 nobilissimae
1321 722 1489 757 Familiae
1509 722 1685 770 Principis

167 794 266 835 Suzi,
295 794 453 827 MssTAxA
469 821 477 836 ,
506 801 542 827 et
567 793 866 827 MAUROCORDATO
885 803 1005 825 meum
1024 788 1248 823 domicilium
1267 786 1493 830 atheniense,
1513 786 1684 834 exquisita

166 856 389 900 urbanitate,
418 855 578 890 sedatum
608 855 783 903 dulceque
810 854 993 897 fecerunt3
1022 860 1057 887 et
1084 851 1257 886 Dominus
1287 850 1554 892 ORPnAMDms,
1589 861 1684 881 nunc

165 920 217 954 rei
251 919 435 954 herbariae
474 919 509 952 in
546 918 605 952 illa
641 918 881 953 Universitate
918 914 1121 959 Professor,
1157 916 1194 948 in
1232 911 1504 949 excursionibus
1547 922 1690 958 semper

166 981 250 1016 mihi
281 982 349 1017 dux
377 991 411 1017 et
439 994 559 1017 comes
587 982 792 1016 carissimus
820 979 898 1016 fuit.
926 979 1088 1028 Byzantii
1115 979 1287 1027 Dynastes
1314 976 1478 1019 Tnccns,
1507 971 1687 1009 Sardiniae

168 1046 281 1094 Regni
311 1045 406 1094 apud
433 1044 649 1080 Osmanidos
677 1044 841 1079 Minister
860 1043 1183 1092 praestantissimus
1206 1039 1464 1075 benevolenter
1490 1037 1687 1086 patrocinio

167 1122 229 1142 suo
257 1108 343 1142 mihi
374 1107 497 1142 adfuit.
526 1108 593 1156 Eq.
623 1108 764 1156 Gaspar
791 1107 937 1141 FossATi
966 1104 1194 1139 Architectus
1212 1103 1470 1137 valentissimus
1490 1109 1523 1135 et
1542 1099 1688 1133 Familia

167 1171 239 1219 ejus
267 1171 504 1220 perexcellens
531 1171 687 1205 animum
714 1168 801 1203 mihi
829 1168 1017 1213 dederunt,
1046 1180 1174 1216 meque
1203 1166 1347 1201 domum
1377 1163 1474 1213 apud
1501 1176 1537 1198 se
1559 1163 1685 1210 insigni

169 1234 380 1268 liberalitate
409 1241 626 1282 receperunt
639 1260 647 1276 ‚
676 1245 741 1267 nec
759 1245 830 1267 non
849 1232 961 1266 officia
981 1230 1161 1281 permulta
1180 1231 1217 1263 in
1236 1229 1408 1277 pervariis
1435 1227 1586 1275 negotiis
1603 1224 1688 1260 mihi

169 1297 440 1345 praestiterunt.
469 1295 572 1331 Idem
599 1295 717 1330 dicam
744 1295 788 1330 de
816 1295 982 1329 Severino
1010 1295 1149 1328 Lssomo
1177 1291 1314 1326 medico
1337 1291 1484 1334 eximio,
1512 1290 1573 1338 qui
1601 1289 1686 1322 ami-

169 1361 333 1395 cissimus
363 1368 398 1395 et
427 1359 686 1409 perbenevolus
714 1371 856 1407 semper
882 1357 969 1392 mihi
1000 1356 1075 1391 fuit.
1104 1357 1257 1390 Brussae
1276 1355 1450 1389 Dominus
1468 1353 1688 1387 FALcnsssms

169 1436 224 1457 me
262 1424 389 1472 ospitio
426 1423 567 1471 excepit
602 1430 638 1456 et
672 1423 744 1457 iter
770 1434 891 1456 meum
919 1421 1160 1470 olympicum,
1191 1418 1358 1467 plurimis
1385 1416 1489 1451 facile
1517 1414 1687 1450 reddidit.

244 1486 297 1520 De
326 1485 530 1521 Osmanidis
559 1494 594 1520 et
622 1485 697 1519 aliis
724 1484 889 1534 gentibus
923 1482 1070 1519 diversis
1103 1482 1285 1531 Byzantii,
1312 1481 1403 1516 sicut
1429 1481 1467 1514 in
1498 1478 1606 1527 bulga
1633 1480 1686 1513 in-

170 1550 386 1598 composita,
414 1547 743 1592 commorantibus,
775 1546 863 1597 quid
898 1546 1063 1581 dicaml?
1105 1545 1304 1594 Dignitario
1339 1542 1689 1584 SCHEFF-KEn-Bm,

170 1612 301 1660 Magno
323 1611 545 1646 cancellario
565 1610 844 1654 Nomnm--BEY,
873 1623 1024 1659 quorum
1046 1608 1294 1643 benevolentia
1311 1615 1348 1641 et
1365 1607 1474 1640 animi
1496 1604 1691 1640 liberalitas

171 1688 241 1709 non
271 1674 401 1709 dubiae
420 1674 539 1719 fuere,
569 1673 741 1709 honorem
766 1682 801 1708 et
820 1674 910 1722 grati
928 1673 1038 1707 animi
1057 1670 1351 1720 significationem
1374 1669 1502 1704 tribuo.
1531 1667 1692 1716 Indigam

171 1738 294 1787 populi
323 1746 463 1787 partem
491 1738 598 1773 etiam
628 1750 893 1781 commemoro,
930 1749 1040 1785 quae,
1077 1735 1238 1784 quamvis
1274 1734 1399 1782 ignara
1433 1740 1468 1767 et
1496 1730 1691 1775 desidiosa,

169 1803 305 1851 integra
333 1808 453 1835 tamen
482 1809 517 1835 et
542 1800 639 1836 bona
665 1808 836 1835 servatur.

246 1864 368 1899 Addo:
396 1863 462 1899 hoc
488 1865 525 1899 in
546 1877 625 1899 meo
642 1863 780 1898 Sertulo
808 1862 852 1897 de
877 1862 1010 1912 plantis
1030 1863 1137 1897 etiam
1157 1860 1250 1895 haud
1270 1860 1369 1895 novis
1392 1857 1691 1893 adnotatiunculis

169 1928 280 1976 magis
308 1926 489 1962 abundare
517 1941 624 1976 quam
654 1925 808 1961 deficere
835 1925 1014 1975 praetuli;
1043 1937 1084 1960 ex
1111 1937 1152 1959 eo
1180 1922 1278 1973 quod
1304 1924 1341 1957 in
1368 1935 1408 1957 re
1433 1921 1600 1956 herbaria
1626 1920 1690 1955 ho-

170 1989 311 2033 dierna,
341 1989 386 2024 ob
414 1989 638 2039 diagnosium
664 1989 979 2033 insufficientiam,
1006 1987 1143 2037 absque
1163 1987 1399 2037 speciminum
1427 1985 1692 2019 autenticorum

170 2053 457 2102 comparatione,
485 2052 584 2087 nulla
601 2051 676 2087 fere
695 2052 805 2101 stirps
827 2060 923 2087 certe
939 2050 1165 2086 denominari
1185 2051 1319 2099 potest!
1346 2047 1486 2082 Idcirco
1510 2047 1693 2082 botanicos

171 2115 316 2150 obsecro
331 2143 341 2159 ,
370 2129 442 2150 non
470 2115 584 2151 solum
609 2123 649 2150 ut
675 2127 772 2150 meas
791 2115 950 2164 analyses
968 2114 1125 2163 benigno
1145 2113 1265 2148 animo
1293 2112 1451 2161 accipere
1478 2110 1613 2156 velint3
1633 2109 1694 2144 sed

172 2180 277 2213 etiam
306 2186 345 2213 ut
373 2187 409 2213 et
436 2179 503 2228 ipsi
530 2179 642 2228 magis
669 2179 854 2228 magisque
879 2179 915 2212 in
944 2177 1130 2228 speciebus
1157 2177 1257 2211 novis
1278 2173 1522 2210 describendis
1550 2186 1693 2208 accura—

172 2242 277 2276 tiores
307 2240 384 2276 fieri
413 2240 592 2277 studeant.

249 2303 497 2347 Quarumdam
524 2306 723 2354 specierum
742 2305 889 2340 nomina
914 2304 950 2338 in
968 2303 1134 2338 herbario
1153 2303 1327 2338 exsiccato
1354 2301 1517 2350 evulgata
1543 2299 1693 2348 rejicere

171 2375 315 2402 coactus
343 2380 441 2412 sum,
469 2380 582 2417 eaque
608 2369 645 2402 in
672 2367 740 2403 hoc
769 2367 945 2418 opusculo
972 2366 1158 2402 brevitatis
1185 2366 1301 2415 gratia
1323 2365 1452 2400 omissa
1479 2371 1583 2407 sunt3
1611 2364 1692 2397 uni-

171 2431 320 2479 cuique,
349 2437 551 2474 caeterum,
579 2430 723 2465 obvium
749 2432 815 2466 erit
843 2431 1111 2465 immutationes
1141 2442 1233 2479 quae
1260 2428 1316 2463 hic
1352 2435 1434 2463 sunt
1460 2426 1667 2476 dignoscere
1684 2454 1692 2469 ,

170 2494 427 2543 synonimaque
455 2502 573 2529 exacte
602 2494 774 2529 conferre.

1674 2628 1692 2649 M
