2196 3310
447 262 492 297 fio
955 278 1137 300 SERTULUM
1166 278 1362 301 ORIENTALE
1390 279 1466 302 ETc.

524 341 630 375 [Nem
660 351 801 375 uscos-x
830 341 870 374 L.

524 417 632 450 Imm
660 426 845 451 msmotm
874 416 912 449 L.

574 491 642 526 ssah.
680 490 884 539 Utramque
921 492 985 540 legi
1013 493 1047 527 in
1076 493 1190 528 insula
1219 493 1394 543 Corcyra3
1436 496 1533 543 prior
1561 497 1667 530 etiam
1696 499 1893 531 communis
1926 499 1962 531 in

448 552 662 600 planitiebus
690 553 840 589 Atticae.
870 555 1024 590 Aestate.

522 655 631 689 INULA
660 665 891 690 GRAYEOLENS
920 656 1023 690 DESF.

571 730 640 766 Hah.
668 729 724 763 Ad
751 730 823 765 vias
850 732 1058 777 Megaridis.

523 832 718 866 Punctum
747 842 868 867 onom
898 832 1042 866 Rfflcnss.

571 907 641 943 Hal).
671 906 811 941 Crescit
840 908 874 940 in
903 907 1043 956 sylvulis
1070 908 1203 942 saxosis
1221 908 1314 943 circa
1335 909 1524 944 Ciamlicia
1545 910 1637 945 ultra
1666 911 1844 945 Scutarim
1870 913 1963 946 asia-

446 969 566 1003 ticum.
596 970 685 1018 Legi
715 978 901 1005 autumno.

523 1033 592 1069 obs.
622 1033 651 1067 A
679 1034 799 1081 specie
828 1033 864 1066 in
893 1034 1037 1081 Liguria
1064 1033 1167 1068 obvia
1195 1035 1246 1068 vix
1281 1034 1413 1069 differt.
1458 1035 1556 1070 Folia
1592 1036 1731 1071 caulina
1749 1065 1757 1080 ‚
1786 1038 1892 1071 etiam
1930 1038 1965 1071 in

446 1095 569 1144 planta
596 1095 744 1144 juniori,
763 1095 935 1130 obsoleta.
965 1097 1139 1145 Squamae
1162 1096 1382 1133 anthodiales
1402 1100 1673 1148 angustissimae
1686 1127 1696 1143 ,
1716 1099 1968 1136 lineari-subu-

446 1158 553 1202 latae,
582 1172 647 1193 nec
674 1158 1049 1194 lanceolam-lineares
1076 1159 1181 1195 lonae,
1208 1161 1444 1196 acuminatae.

1139 1188 1160 1209 n

521 1222 626 1256 Circa
654 1222 867 1271 Byzantium
896 1222 962 1271 legi
990 1224 1186 1271 specimina
1215 1223 1380 1260 omnibus
1408 1224 1573 1274 partibus
1602 1226 1714 1275 magis
1743 1226 1895 1261 evoluta.

522 1339 717 1372 PumeAmA
744 1347 917 1372 vetemus
945 1336 1104 1372 GAERTN.

570 1413 640 1449 ssah.
668 1413 711 1447 In
739 1411 890 1448 collibus
917 1411 1117 1462 byzantinis
1145 1414 1274 1449 crescit
1307 1413 1456 1462 pusilla,
1487 1414 1701 1464 plerumque
1730 1423 1865 1451 statura
1898 1429 1965 1451 un—

447 1475 526 1510 ciali
553 1475 609 1511 vel
637 1475 933 1525 sesquipollicari.

522 1592 715 1626 Punctum
746 1601 982 1626 m’sssNTEch
1012 1591 1172 1625 GAERTN.

570 1666 639 1703 Hah.
681 1666 721 1700 In
749 1679 834 1715 agro
871 1665 1067 1702 atheniensi
1104 1666 1147 1702 ad
1183 1666 1420 1717 Kiephyssum
1457 1667 1589 1703 flumen
1628 1669 1861 1718 plurimisque
1889 1670 1964 1706 aliis

447 1729 556 1773 locis,
584 1736 770 1763 autumno.
788 1776 794 1782 ἱ

525 1793 595 1829 Obs.
631 1794 661 1826 A
689 1791 810 1841 planta
847 1793 883 1826 in
911 1792 1034 1827 Italiae
1070 1793 1265 1842 superioris
1294 1793 1513 1843 planitiebus
1547 1794 1813 1843 vulgatissima,
1850 1805 1971 1832 nostra

446 1853 605 1890 recedit:
635 1855 796 1890 caulibus
828 1854 937 1890 dense
964 1856 1113 1900 striatis‚
1141 1857 1322 1905 ramisque
1351 1857 1497 1906 virgatis
1526 1858 1680 1903 strictis,
1709 1857 1800 1894 foliis
1826 1859 1969 1894 lanceo-

450 1918 751 1967 lato-angustatis.

522 2033 770 2067 OMALOTHECA
800 2042 927 2067 summ
955 2031 1057 2066 CAss‚

573 2107 644 2144 Hah.
673 2106 714 2140 In
743 2106 844 2142 fossis
873 2105 1107 2143 humentibus
1135 2107 1266 2157 alpinis
1294 2108 1436 2158 Olympi
1465 2108 1553 2143 bith.
1584 2111 1745 2159 Augusto
1772 2109 1971 2147 decedente

448 2177 483 2204 et
510 2170 657 2204 ineunte
686 2169 891 2217 Septembri
920 2170 998 2219 legi.

525 2232 596 2269 θῦε.
624 2233 654 2267 Α
683 2231 885 2281 Gnaplzalz'o
914 2236 1041 2282 supino
1070 2233 1207 2282 alpium
1234 2233 1435 2269 italicarum
1453 2234 1628 2284 olympica
1657 2236 1778 2285 planta
1798 2235 1970 2272 deflectit:

447 2295 607 2331 caulibus
634 2294 712 2330 basi
738 2296 909 2340 ramosis,
935 2295 1196 2341 radicantibus‚
1214 2309 1281 2332 nec
1302 2297 1542 2346 simplicibus,
1571 2297 1732 2334 anthodii
1753 2299 1878 2335 foliolis
1904 2301 1972 2335 evi-

447 2357 574 2393 denter
601 2357 869 2407 inaequalibus,
899 2371 964 2393 nec
993 2358 1284 2408 subaequalibus.

524 2474 662 2508 FlLAGo
689 2474 822 2508 JUSSOEI
851 2472 988 2507 Cossou
1016 2479 1051 2506 et
1069 2472 1193 2507 Germ.
1213 2473 1250 2506 in
1269 2473 1359 2508 Ann.
1380 2474 1516 2509 Scienc.
1539 2475 1705 2511 naturell.
1736 2477 1808 2512 ser.
1826 2476 1870 2512 II.
1889 2476 1967 2510 XX.

451 2547 483 2582 p.
517 2535 599 2580 284.
628 2534 700 2570 tab.
737 2535 790 2570 13.

573 2612 643 2648 nab.
671 2611 713 2646 In
740 2620 860 2648 monte
887 2613 1062 2648 Pentile‘co
1091 2611 1288 2650 atheniensi
1315 2613 1382 2663 legi
1410 2614 1581 2650 octobre.
