2196 3310
796 266 814 286 A
843 265 992 287 sosepno
1020 265 1193 288 CLEMENTI
1702 257 1747 305 67

314 330 501 365 GENTlANA
530 340 674 364 AESTIVA
705 329 744 362 R.
774 336 808 362 et
836 328 867 362 S.
898 349 944 356 —
975 329 1015 363 G.
1046 342 1160 364 verna
1188 333 1362 377 angulosa
1391 329 1441 363 Fl.
1465 343 1555 365 rum.
1576 343 1606 364 2.
1635 345 1669 379 p.
1692 331 1749 366 63.

367 404 435 439 ssah.
468 403 505 436 ln
536 402 683 437 collibus
710 402 908 451 byzantinis
925 430 935 446 ,
961 411 1103 438 aestate.

755 512 1230 559 SESAMEAE.

315 632 484 663 Sasfflrm
513 639 714 663 ORIENTALE
740 628 780 661 L¹

363 704 433 739 Hah.
464 702 503 736 In
532 703 668 747 Attica,
695 702 739 737 ad
766 703 1001 752 Kieplzysszcm
1026 703 1170 738 flumen.

572 816 1414 863 CONVOLVULACEAE.

316 944 581 978 ComoLvt'Lrs
609 953 842 977 TENFISSIML‘S
869 941 930 976 SM.

368 1019 435 1055 Hal).
464 1018 504 1052 In
534 1019 677 1062 Attica,
705 1017 750 1052 ad
776 1018 1019 1067 Ix'ieply‘ssurn.

314 1132 579 1167 CONVOLVULUS
606 1133 824 1167 DORYCML'M
851 1132 890 1165 L.

364 1206 433 1243 Hah.
461 1207 548 1255 Legi
575 1214 707 1242 aestate
735 1208 829 1241 circa
856 1209 958 1242 Pnix
984 1201 1180 1243 ath-eniens.
1209 1208 1342 1244 Frutex
1360 1209 1467 1243 ramis
1486 1207 1682 1245 numerosis
1704 1210 1757 1243 in-

241 1270 376 1304 tricatis
404 1282 468 1304 nec
495 1282 567 1304 non
596 1268 686 1304 facie
717 1269 884 1318 singulari
918 1268 1126 1319 praeditus,
1154 1278 1188 1306 et
1224 1285 1243 1305 a
1271 1271 1529 1321 congeneribus
1565 1271 1755 1307 admodum

240 1331 434 1367 distinctus.

700 1422 1285 1469 BORAGINEAE.

314 1554 622 1595 HELio‘rHRomUM
651 1561 828 1587 vinosum
856 1550 957 1585 DESF.

363 1622 434 1659 nab.
462 1621 614 1671 Copiose
640 1622 807 1670 provenit
832 1622 927 1656 circa
954 1622 1166 1670 Acropolim
1193 1621 1445 1659 atheniensem.

314 1724 623 1758 HELIOTHROPIUM
651 1732 870 1757 EUROPAEUM
896 1722 936 1756 L.

364 1797 434 1834 Hah.
462 1797 668 1832 Promiscue
696 1797 827 1832 crescit
853 1809 934 1831 cum
962 1795 1190 1846 praecedenti
1216 1798 1358 1846 specie,
1386 1797 1432 1832 ab
1459 1811 1500 1833 ea
1526 1809 1609 1832 vere
1629 1796 1756 1833 distin—

239 1868 348 1895 ctum.
377 1859 469 1894 Tota
497 1867 630 1895 aestate
658 1867 694 1894 et
720 1867 895 1894 autumno
922 1858 1061 1894 florent.

316 1960 586 1995 CYNOGLossum
613 1969 744 1994 Piorum
770 1958 850 1993 Αιτ.

368 2035 438 2071 Hah.
466 2030 569 2068 Circa
595 2033 820 2083 Byzantium.

317 2134 470 2169 ONOSMA
497 2144 676 2169 PALLIDUM
702 2132 843 2168 Belss.!
871 2132 996 2181 Diagn.
1026 2153 1072 2160 —
1100 2133 1182 2182 Ipso
1209 2135 1318 2168 teste!

351 2194 436 2244 Hah.
455 2208 542 2257 Legi
554 2208 588 2242 in
607 2207 753 2258 sylvulis
770 2209 922 2257 petrosis
932 2221 1045 2257 prope
1059 2208 1248 2243 Ciamlz'cia
1263 2208 1355 2243 ultra
1369 2208 1546 2243 Scutarim
1561 2208 1753 2244 asiaticum.

316 2271 386 2307 Obs.
413 2270 484 2304 Pili
511 2270 653 2305 stellati!
682 2269 745 2306 sed
763 2270 933 2306 antherae
960 2278 1033 2305 toto
1054 2272 1154 2320 apice
1174 2269 1356 2306 evidenter
1374 2273 1546 2306 exsertae!
1575 2284 1646 2319 quo
1672 2271 1754 2306 cha-

242 2340 380 2367 ractere
407 2345 428 2366 a
454 2333 609 2368 sectione
637 2331 765 2368 Prodr.
794 2332 1025 2368 Candolleani
1054 2334 1247 2369 Onosmata
1273 2332 1354 2382 pilis
1381 2332 1458 2368 basi
1491 2333 1674 2369 stellulatis
1702 2333 1756 2367 di-

244 2396 374 2430 stincta
402 2394 680 2444 complectente,
707 2396 842 2445 species
869 2394 955 2431 haec
982 2395 1152 2431 exulatur.

317 2456 468 2493 Accedit
493 2457 675 2493 nonnullis
701 2456 966 2494 characteribus
984 2457 1030 2493 ad
1049 2458 1090 2493 Ο.
1107 2465 1314 2493 montanum
1341 2457 1386 2492 ab
1403 2458 1590 2493 Aucnmuo
1611 2469 1651 2492 ex
1671 2457 1754 2493 Asia

241 2519 455 2555 occidentali
481 2519 693 2566 advectum,
719 2520 916 2557 secundum
943 2521 1142 2571 specimina
1158 2519 1260 2556 herb.
1281 2521 1373 2556 Mus.
1392 2520 1576 2556 Parisiens.
1606 2519 1754 2569 quibus-

245 2596 327 2618 cum
354 2596 475 2619 meum
502 2584 714 2633 comparavi.
