2196 3310
517 299 524 340 ἶ
1012 311 1037 330 si
1053 310 1107 330 nii
1124 310 1154 329 ici
1173 310 1189 327 u
1222 309 1411 329 mursiam-7
1442 308 1493 329 ni<

506 374 558 406 vel
584 372 797 420 Bosphorum
829 373 922 406 ultra
946 373 1188 407 Scutarianam
1209 370 1378 406 ditionem
1401 371 1445 405 ad
1468 373 1677 406 Ciamlieiae
1695 385 1804 420 usque
1826 374 1993 407 venirem
2013 402 2020 416 ,

507 434 658 469 Kalilxioi
680 434 932 478 (Chalcedonia
948 442 955 477 )
974 443 1007 467 rt
1024 433 1222 468 Phanaraki
1240 434 1356 477 litora,
1374 436 1510 468 cunctis
1527 433 1598 469 fere
1617 434 1756 477 diebus,
1768 436 1915 469 rimatus
1931 449 2018 470 sum.

579 500 679 539 Quae
701 499 816 530 onmia
833 498 920 531 eitra
943 497 1103 545 ultraque
1123 497 1345 546 Bosphorum
1366 498 1442 531 loca
1462 496 1652 531 admodum
1673 497 1848 545 argillosa,
1871 498 2021 546 platanis

505 561 637 609 aliquot
665 562 860 608 giganteis,
893 574 982 608 qua(-
1020 559 1131 594 fontes
1160 559 1308 609 diligunt
1344 569 1376 594 et
1404 570 1603 599 exornant,
1634 562 1806 608 exceptis,
1835 561 2022 595 sterilitati*

504 632 539 656 et
569 624 764 657 vastatione
793 623 999 657 miserrimis
1028 623 1253 671 ailligunturl

580 687 739 734 Augusto
768 699 889 720 mense
925 686 1083 735 ejusdem
1116 687 1197 720 anni
1232 686 1398 720 ssrussam
1434 686 1617 720 asiaticam
1653 687 1763 734 petii,
1800 694 1835 720 et
1864 688 2021 734 primum

505 748 649 795 hujusce
678 750 833 797 regionis
861 749 966 801 colles
996 749 1233 783 occidentales
1262 748 1304 782 ad
1334 761 1465 797 pagum
1494 747 1732 783 Demerdesclz
1755 750 1893 798 apricos
1915 757 1948 784 et
1968 763 2022 784 ea-

500 811 710 855 lidissimos,
740 820 904 847 accurate
940 813 1153 860 investigavi,
1190 811 1324 846 Deinde
1352 812 1546 860 Olympum
1574 811 1801 861 bitliynieum
1829 812 2020 848 conscendi

502 884 537 909 et
565 876 602 908 in
632 876 775 923 regione
803 875 958 909 abietum
988 876 1172 924 superiore
1207 873 1678 916 occidentali-meridionali,
1706 883 1740 909 et
1768 876 1953 924 speciatim
1987 877 2022 909 iu

503 939 644 985 tugurio
674 938 815 973 Domini
844 938 1051 981 Fixumrsu,
1080 937 1184 972 veluti
1214 939 1247 971 in
1276 944 1413 976 centro,
1443 950 1483 971 ex
1510 951 1582 986 quo
1602 938 1680 972 loca
1708 938 1868 986 pervaria
1901 938 2020 987 singil-

503 1000 599 1035 latim
629 1002 841 1049 perquirere
862 1002 977 1035 minus
997 1000 1150 1035 arduum
1171 1008 1260 1044 erat,
1288 1013 1352 1049 per
1369 999 1444 1034 dies
1463 1000 1640 1035 sexdecim
1668 1008 1910 1036 commoratus
1929 1014 2018 1035 sum.

576 1064 664 1113 Juga
688 1063 864 1113 olympica
881 1077 899 1097 a
919 1063 960 1097 N.
976 1064 1017 1097 E.
1034 1063 1077 1097 ad
1092 1064 1124 1097 S.
1137 1064 1179 1098 Ο.
1201 1063 1304 1111 longe
1323 1062 1608 1111 progrediuntur
1624 1071 1658 1098 et
1674 1064 1708 1097 in
1724 1064 1837 1113 ipsam
1852 1064 2020 1099 Brussam

501 1128 677 1161 (ivitatem
692 1155 699 1167 ,
729 1140 790 1161 sex
810 1126 953 1161 circiter
980 1126 1140 1160 miliariis
1161 1140 1178 1159 a
1207 1138 1304 1160 mare
1326 1125 1503 1169 dissitam,
1533 1125 1660 1175 pedem
1689 1125 1731 1160 ad
1752 1125 1937 1161 meridiem
1958 1128 2020 1160 im-

500 1191 656 1224 mittunt.
685 1190 714 1222 E
744 1189 853 1223 latere
881 1190 913 1223 S.
935 1190 976 1223 E.
1007 1187 1268 1223 sublationibus
1296 1188 1464 1223 calcareis
1486 1188 1717 1233 immanibus,
1746 1189 1916 1238 stirpibus
1939 1202 2018 1238 pre-

499 1253 594 1287 tiosis
621 1252 930 1301 superbientibus,
959 1265 1061 1286 mons
1089 1251 1343 1286 conformatur,
1373 1251 1426 1286 Ab
1446 1252 1556 1286 latere
1577 1252 1758 1301 opposito,
1786 1251 1877 1286 idest
1894 1251 1935 1286 N.
1957 1254 2018 1293 O.⁷

498 1328 604 1365 rupes
625 1324 858 1365 praeruptae,
877 1314 1016 1350 inferne
1036 1315 1251 1364 graniticae,
1280 1314 1362 1349 licet
1380 1315 1519 1363 igneae,
1547 1314 1782 1364 deteguntur,
1811 1316 1845 1349 in
1866 1328 2018 1363 quarum

496 1379 702 1428 fragmentis
730 1378 854 1413 dirutis
883 1387 915 1412 et
944 1380 978 1413 in
1008 1377 1223 1413 convallibus
1251 1379 1466 1413 coacervatis
1485 1407 1493 1419 ,
1522 1378 1721 1413 rarissimae
1751 1379 1879 1427 stirpes
1908 1379 2016 1413 etiam

502 1441 736 1491 hospitantur.

574 1505 628 1539 Ab
656 1504 921 1540 excursionibus
949 1505 1134 1554 olympicis
1155 1505 1363 1554 Byzantium
1385 1504 1495 1547 redii,
1523 1504 1673 1553 locaque
1693 1504 1750 1538 illa
1779 1506 1909 1548 omnia,
1938 1517 2016 1539 ver-

499 1577 595 1603 tente
623 1576 818 1611 autumno,
847 1581 990 1602 rursum
1018 1568 1236 1616 perlustravi.
1266 1568 1368 1603 Brevi
1395 1580 1480 1603 vero
1507 1580 1631 1602 rerum
1658 1567 1884 1602 orientalium
1917 1568 2019 1602 satie-

499 1639 569 1666 tate
598 1631 742 1666 affeetus
758 1660 767 1676 ,
796 1644 934 1665 morum
964 1630 1241 1679 turpitudinem,
1269 1631 1470 1679 ignaviam,
1499 1631 1692 1675 inscitiam,
1711 1631 1890 1665 miseriam
1916 1632 2015 1666 inco-

500 1695 616 1729 larum
643 1693 838 1737 fastidiens,
868 1693 1065 1738 laboribus,
1093 1693 1335 1742 molestiisque
1360 1694 1559 1728 innumeris
1578 1692 1807 1742 defatigatus,
1836 1694 2013 1738 Genuam,

498 1758 550 1792 uti
578 1757 622 1792 ad
650 1757 904 1792 incolumitatis
932 1770 1050 1792 arcam
1078 1757 1148 1791 cito
1176 1770 1232 1791 me
1259 1756 1435 1791 transtuli.

574 1820 746 1870 Opusculi
774 1820 844 1869 jam
873 1828 956 1854 tune
977 1821 1140 1869 promissi
1160 1818 1354 1854 editionem
1375 1818 1418 1853 ad
1439 1818 1529 1854 hanc
1548 1833 1661 1869 usque
1689 1819 1784 1855 diem
1809 1820 2017 1869 protrahere

498 1892 641 1919 coactus
669 1897 766 1927 sum,
794 1884 865 1918 sive
885 1883 931 1918 ob
951 1882 1179 1932 supellectilis
1199 1881 1243 1917 ad
1262 1881 1483 1918 definiendas
1504 1883 1634 1932 stirpes
1653 1882 1852 1927 defectum,
1879 1884 1953 1919 sive
1972 1883 2018 1918 ob

498 1960 684 1982 aerumnas
711 1946 828 1990 exilii3
857 1945 919 1981 sed
945 1945 1128 1981 botanicos
1155 1953 1334 1980 momenta
1369 1944 1571 1994 hujusmodi
1611 1959 1723 1995 aequo
1761 1948 1880 1981 animo
1913 1948 2018 1981 aesti-

498 2018 683 2054 maturos,
710 2011 923 2059 veniamque
952 2022 1091 2055 morae,
1122 2009 1231 2043 invito
1258 2009 1379 2043 animo
1410 2016 1632 2058 protractae,
1654 2009 1740 2044 milii
1769 2009 1913 2044 daturos
1941 2022 2016 2044 esse

499 2072 651 2108 confido.

575 2136 717 2171 Gratias
744 2136 1025 2186 quamplurimas
1053 2144 1088 2170 et
1115 2143 1191 2171 toto
1220 2149 1259 2169 ex
1287 2135 1393 2170 corde
1421 2149 1486 2184 ago
1514 2136 1718 2170 clarissimis
1747 2136 1909 2171 Bmssmn
1926 2163 1936 2179 ,
1963 2136 2015 2170 DE

500 2199 677 2244 Nomius,
707 2199 809 2243 Gn,
837 2200 939 2244 SAvi,
969 2200 1099 2243 SPACH,
1128 2198 1261 2242 Wssms,
1290 2200 1352 2248 qui
1380 2199 1527 2234 consilio
1547 2207 1583 2233 et
1601 2211 1709 2248 opera
1737 2199 1811 2234 sive
1830 2199 1866 2232 in
1884 2199 2016 2248 plantis

499 2261 767 2297 denominandis
784 2290 793 2306 ‚
822 2265 893 2297 sive
916 2264 950 2296 in
970 2262 1143 2298 herbariis
1171 2262 1414 2297 celeberrimis
1441 2262 1662 2311 perlibenter
1688 2261 1774 2297 mihi
1797 2260 2018 2310 patefacien-

499 2324 552 2360 dis
573 2354 582 2370 ,
612 2339 667 2360 me
696 2326 732 2359 in
760 2326 857 2360 tenui
885 2325 1007 2360 labore
1034 2325 1256 2375 adjuverunt.
1284 2326 1353 2374 Eq.
1386 2325 1559 2360 W'Essssms
1588 2333 1706 2359 autem
1735 2325 1847 2359 multa
1874 2325 1940 2359 alia
1967 2325 2014 2360 of-

501 2387 580 2422 ficia
603 2416 612 2431 ,
650 2390 860 2437 praesertim
890 2390 924 2423 iu
947 2389 1052 2435 flora
1081 2392 1261 2437 οζγηιρίεα
1297 2392 1484 2424 exsiccata
1522 2387 1759 2437 divulganda,
1791 2389 2016 2437 magnanime

498 2450 585 2486 mihi
614 2451 787 2500 praebuit.
816 2450 908 2486 Prof.
939 2453 1065 2487 SAVms
1095 2453 1131 2487 in
1160 2451 1392 2487 Trifoliorum
1420 2453 1522 2487 novis
1550 2451 1735 2501 speciebus
1763 2450 2015 2500 dignoscendis

500 2523 742 2564 praestantem
760 2527 904 2563 operam
926 2516 1139 2551 amicissime
1160 2515 1320 2550 contulit.
1343 2516 1390 2550 Et
1408 2513 1504 2550 Prof.
1524 2515 1577 2549 DE
1597 2514 1812 2551 No'rmusms
1831 2514 2013 2549 collectio-

498 2590 581 2613 nem
609 2578 825 2624 universam,
856 2591 921 2613 nec
957 2592 1027 2613 non
1055 2579 1309 2614 illustrationes
1337 2591 1425 2627 quas
1454 2577 1585 2624 offero,
1614 2591 1750 2613 summa
1779 2577 1941 2613 doctrina
1975 2591 2014 2611 ac

499 2641 654 2676 amicitia
683 2640 902 2676 excudendas
932 2643 1077 2677 curavit.
