2196 3310
811 244 827 265 ,i
855 245 1003 266 JOSEPHO
1032 244 1205 266 CLEMENTI
1712 234 1758 279 (39

324 308 394 344 Οὐδ.
422 307 546 342 Planta
576 321 670 341 nunc
698 308 962 355 simplicissima
982 308 1223 343 sciniuncialis
1245 308 1279 342 in
1301 320 1405 342 arena
1426 305 1648 356 subsepulta,
1669 321 1761 342 num·

245 371 351 404 ramis
380 370 542 419 pluribus
571 370 800 419 pollicaribus
828 371 882 405 vel
910 370 1259 420 sesquipollicaribus
1297 384 1315 405 e
1350 370 1425 406 basi
1453 370 1604 405 suffulta.
1644 371 1763 405 Flore<

243 433 385 476 azurei,
415 434 627 468 arefactione
656 433 1001 481 pallescenti-lnteoli
1018 462 1027 478 ,
1055 447 1194 483 semper
1222 435 1366 468 minimi.

325 551 613 584 LJTHOSPERMEM
642 559 896 584 TENUFLORL‘M
925 549 964 582 L.

369 625 438 661 Hah.
467 625 496 657 A
518 636 599 658 vere
621 623 664 657 ad
684 631 851 658 aestatem
871 624 907 657 in
936 625 1027 658 arvis
1056 623 1172 658 athen.
1203 623 1296 658 haud
1315 638 1408 667 rara,
1437 623 1498 659 sed
1515 623 1652 659 difficile
1675 626 1758 660 visu.

325 687 394 723 Οὐδ.
424 686 547 720 Planta
576 685 830 735 polymorpha3
866 686 1014 735 simplex
1049 687 1341 736 1-2—pollicaris,
1378 687 1430 720 vel
1458 686 1593 722 inferne
1623 701 1758 722 ramosa

244 748 518 798 subspithamea.
547 749 679 784 Forma
706 749 919 784 nucularum
947 757 981 784 et
1009 748 1097 783 facie
1124 751 1163 784 L.
1192 753 1332 785 {ovensi
1358 751 1528 797 proxima.

320 811 375 846 Ad
404 811 540 846 radices
568 813 698 847 montis
725 813 919 855 Perzlilici,
947 812 1031 847 loeis
1060 812 1311 856 sterilioribus,
1338 812 1406 860 legi
1433 813 1624 860 specimina
1659 814 1759 847 seini-

244 874 417 918 uneialia,
446 875 778 923 strigoso—sericea,
814 874 906 909 foliis
943 874 1155 909 radicalibus
1189 875 1384 924 petiolatis,
1419 874 1562 909 obverse
1597 875 1758 924 ellipticis

242 937 296 972 vel
325 937 557 986 spatliulatisg
595 936 678 972 dum
714 939 749 972 in
787 937 1041 987 speciminibus
1070 938 1249 987 planitiei,
1286 939 1391 973 etiam
1421 937 1647 987 spithameis,
1674 936 1756 972 folia

240 998 406 1034 radicalia
435 1013 575 1050 semper
603 1001 967 1049 angustato-oblonga
995 1000 1188 1035 observavi.

317 1103 506 1136 Mi‘oso‘ris
533 1111 712 1136 ommium
741 1100 880 1135 Borssst
908 1100 1035 1149 Diagn.
1066 1101 1098 1144 4.
1128 1114 1160 1149 p.
1190 1113 1249 1148 90.

364 1176 434 1212 Hflb.
463 1176 549 1224 Legi
569 1176 604 1209 in
624 1176 751 1210 summi
773 1176 968 1210 cacuminis
986 1175 1129 1225 Olympi
1148 1175 1235 1210 bith.
1257 1175 1457 1211 declivitate
1476 1177 1754 1225 septentrionali.

315 1239 385 1274 obs.
413 1238 606 1285 Myosotz'dz·
632 1241 779 1286 alpeslri
805 1239 917 1272 affinis
932 1266 941 1281 ,
970 1252 990 1272 a
1017 1252 1087 1287 qua
1116 1237 1361 1287 magnitudine
1388 1238 1515 1273 florum
1542 1237 1650 1274 dense
1669 1252 1753 1274 con-

238 1300 431 1345 sertorum,
459 1313 544 1350 prae
565 1300 708 1349 plantae
733 1301 888 1350 pumilae
915 1308 1048 1336 statura
1075 1302 1221 1350 insigni,
1248 1301 1391 1336 nuculis
1410 1301 1753 1350 oblongo—ovoideis,

237 1361 327 1398 foliis
349 1364 427 1398 imis
447 1362 677 1412 spathulatis,
697 1362 835 1408 radice,
858 1372 898 1399 ut
918 1363 1078 1409 videtur,
1098 1365 1262 1413 perenni,
1282 1363 1442 1412 facieque
1459 1365 1605 1414 propria
1624 1363 1751 1399 differt.

311 1466 498 1500 Mvosoris
528 1476 674 1500 rusum
700 1465 797 1499 LOIS.
826 1464 992 1511 albssora
1021 1465 1132 1499 CLEM.

361 1540 429 1576 Hah.
458 1539 499 1573 In
527 1538 696 1574 sabuletis
724 1552 836 1589 prope
861 1539 1074 1574 phalereum
1101 1539 1387 1583 Atheniensium,
1415 1540 1529 1589 primo
1556 1552 1650 1575 vere.

311 1604 381 1639 Obs.
418 1601 547 1637 Differt
574 1616 592 1636 a
620 1603 738 1652 specie
773 1601 933 1637 caulibus
970 1603 1081 1651 magis
1109 1602 1349 1647 abbreviatis,
1377 1602 1580 1652 caespitulis
1609 1601 1748 1638 densio-

234 1664 351 1709 ribus,
378 1664 526 1700 floribus
555 1665 644 1700 albis
671 1678 737 1700 nec
764 1665 949 1700 coeruleis.

307 1768 494 1802 MYOSOTIS
524 1776 711 1802 LITORALIS
739 1766 840 1801 STEv.
869 1786 914 1792 —
940 1765 1084 1800 GRISEB.
1114 1765 1165 1800 Fl.
1194 1765 1317 1801 rumel.
1348 1780 1380 1800 2.
1410 1780 1442 1815 p.
1478 1767 1568 1800 100'2'

357 1841 426 1877 Hal).
455 1840 559 1874 Circa
587 1841 748 1876 Stadium
775 1852 887 1890 prope
913 1839 1087 1885 Athenas,
1115 1853 1209 1876 vere.

310 1904 379 1939 Obs.
408 1903 532 1938 Facies
561 1902 827 1952 praecedentis,
855 1901 917 1938 sed
943 1904 1062 1938 statim
1089 1903 1134 1938 ab
1161 1916 1202 1938 ea
1230 1904 1460 1953 distinguitur
1486 1905 1636 1939 racemis
1654 1904 1745 1939 haud

231 1966 431 2001 bracteatis.
459 1965 619 2000 Nuculae
647 1973 768 2001 ovatae
794 1965 932 2009 laeves,
959 1965 1109 2011 nitidae,
1136 1966 1259 2002 saltem
1287 1979 1329 2002 ex
1346 1966 1601 2016 speciminibus
1628 1966 1745 2002 fructu

232 2019 396 2077 perfecto
418 2028 631 2064 carentibus.
669 2028 857 2064 Caeterum
892 2027 977 2063 mihi
1004 2028 1118 2063 adhuc
1145 2027 1252 2065 dubia
1281 2029 1327 2064 ob
1355 2029 1549 2078 specimina
1585 2029 1742 2064 nondum

231 2092 313 2126 satis
340 2091 491 2126 evoluta.

305 2191 504 2227 ASPERUGO
532 2202 767 2228 PROCUMBENS
794 2193 834 2227 L.

357 2266 427 2303 Hah.
455 2266 497 2300 In
525 2267 652 2302 Attica.

299 2368 450 2402 ΜυΜΒΙΑ
477 2377 706 2403 CEPHALOTES
732 2367 870 2402 Boiss.!
898 2380 969 2402 var.
998 2366 1189 2414 brevfflomz
1217 2366 1315 2402 mihi.
1345 2386 1389 2395 -—
1417 2367 1579 2403 Arnebz'a
1603 2367 1735 2414 oepha-

226 2433 314 2464 lotes
341 2427 445 2477 Alph.
473 2428 549 2463 DC.
577 2442 648 2464 var.

351 2504 420 2541 flat.
447 2504 534 2553 Legi
562 2517 632 2539 una
658 2504 732 2540 vice
759 2505 797 2540 in
824 2505 981 2541 convalle
1007 2505 1078 2540 lata
1104 2504 1264 2555 quidem,
1291 2504 1353 2541 sed
1378 2504 1451 2542 fere
1477 2506 1656 2542 inaccessa
1683 2517 1736 2540 re-

225 2567 338 2616 giqnis
361 2566 500 2616 alpinae
528 2566 670 2616 Olympi
697 2566 784 2603 hith.
814 2567 923 2604 latere
949 2567 991 2604 N.
1015 2568 1057 2603 Ε.
1087 2568 1208 2604 Floret
1234 2568 1326 2604 Julio
1354 2567 1558 2604 decedente.

1691 2645 1728 2664 {0
