2196 3310
789 265 808 286 A
835 264 985 286 JOSEPHo
1014 264 1184 287 CLEMENTI
1701 253 1743 301 Γπ]

302 332 623 365 KENTROPffl'LLUM
653 340 843 364 DENTATUM
872 328 942 362 DC.
972 327 1040 363 fide
1068 329 1255 377 specimin.
1287 329 1322 361 in
1352 327 1453 362 herb.
1484 327 1617 362 Webb.

352 406 421 442 nab.
452 405 540 453 Legi
570 404 605 437 in
634 403 782 438 collibus
811 402 854 438 ad
882 404 1119 439 Demerdesch
1149 404 1284 439 ditione
1311 404 1518 439 brussianae
1547 404 1606 439 ubi
1635 405 1750 453 vulga-

230 470 417 504 tissimum.
447 488 492 494 —
522 467 642 502 Floret
672 468 841 515 Augusto.

305 532 375 568 obs.
407 530 571 579 Capitula
599 531 633 564 in
662 543 885 579 unoquoque
906 542 1005 563 ramo
1026 530 1195 564 solitaria.
1225 530 1409 565 Involucri
1430 529 1552 565 soliola
1577 532 1751 566 exteriora

229 593 530 628 bracteaeforinia
560 607 578 627 e
605 593 682 628 basi
721 602 843 635 mata,
875 594 1058 636 coriacea,
1087 606 1240 627 concava
1268 594 1396 628 sensim
1434 602 1645 642 angustata,
1675 594 1750 628 basi

233 658 422 698 R-nervia,
457 657 595 705 reliqua
623 665 723 705 parte
757 657 941 700 3-ne1'via,
976 664 1132 691 ceterum
1167 655 1258 691 foliis
1287 657 1435 705 proprie
1467 657 1569 691 dictis
1607 658 1751 699 similiag

233 720 443 755 intermedia
481 720 843 763 coriaceo-scnriosa‚
871 720 1074 754 tenuissime
1114 732 1284 762 nervosa,
1321 718 1492 768 oblonga,
1532 719 1576 754 ad
1613 722 1751 769 apicem

234 782 433 833 appendice
465 783 789 818 ovato-acuminata
818 782 1087 817 ciliato-serrata
1114 783 1309 821 instructa;
1344 795 1436 831 quae
1465 792 1663 830 sequnntur
1680 797 1756 818 sen-

232 848 298 881 sini
329 855 544 895 angustata,
579 846 704 881 intima
738 845 1079 880 lineari-lanceolata
1115 844 1544 893 subulato-spinescentia
1565 874 1574 889 ,
1603 847 1754 895 integra.

235 909 326 944 Tota
355 910 478 958 planta
507 909 573 944 sub
601 910 695 944 lente
723 908 900 957 puberula
928 917 964 943 et
990 909 1136 957 insuper
1156 908 1234 943 lana
1254 907 1490 943 arachnoidea
1513 921 1649 958 sparsa,
1677 909 1755 958 plus

232 975 397 1009 minusve
426 974 566 1022 copiose
595 974 728 1008 vestita.

304 1036 439 1071 Foliola
473 1036 645 1071 involucri
679 1036 849 1072 interiora
883 1048 967 1070 vere
1005 1049 1025 1069 a
1061 1034 1242 1070 nonnullis
1275 1033 1480 1070 auctoribus
1518 1036 1757 1084 praetervisae

233 1108 325 1134 sunt.
356 1099 528 1135 Ceterum
556 1099 754 1147 specimina
781 1111 860 1133 mea
888 1099 930 1134 iis
958 1111 1051 1147 quae
1080 1099 1115 1132 in
1135 1096 1234 1133 herb.
1258 1097 1462 1133 Webbiano
1490 1099 1634 1134 nornine
1656 1112 1757 1148 prae-

236 1164 341 1198 misso
369 1170 598 1197 asservantur
625 1170 745 1197 exacte
775 1160 1004 1211 respondent.

314 1258 505 1291 PimomoN
535 1255 682 1292 ACARNA
711 1254 809 1289 CAss.

361 1332 431 1368 Hah.
462 1331 564 1366 Circa
595 1330 766 1366 Athenas.

314 1427 503 1460 SCOLYMUS
531 1434 741 1460 HlSI‘ANfflUS
766 1424 806 1457 L.

361 1501 430 1537 Hal).
459 1500 499 1534 In
529 1500 655 1534 Attica.

315 1595 531 1629 CENTAUREA
560 1604 807 1629 nnABAizromA
835 1594 894 1627 sm.

365 1670 436 1706 Hah.
465 1669 555 1717 Legi
583 1669 619 1703 in
645 1669 803 1718 regionis
831 1669 967 1718 alpinae
996 1669 1142 1719 Olympi
1169 1668 1258 1704 hith.
1287 1668 1548 1705 declivitatibus
1583 1669 1761 1705 calcareis.

240 1733 364 1768 Floret
391 1732 562 1781 Augusto.

317 1797 388 1832 θῦε.
419 1795 562 1844 Species
585 1807 626 1829 ex
645 1795 687 1830 el.
709 1795 781 1831 DC.
801 1794 1019 1845 jampridem
1037 1809 1057 1830 a
1078 1796 1290 1831 Surraoamo
1311 1803 1347 1831 et
1364 1796 1534 1844 Aucfleizo
1559 1797 1594 1830 in
1610 1795 1763 1845 Olympo

241 1857 376 1908 bithyn.
408 1858 519 1902 lecta,
548 1866 584 1892 et
611 1871 631 1892 a
652 1858 894 1893 Giusemcnio
913 1859 948 1893 in
969 1858 1075 1893 Flora
1092 1857 1220 1894 rumel.
1249 1857 1379 1893 horum
1405 1867 1594 1893 auctorum
1615 1857 1685 1893 fide
1705 1872 1762 1893 re-

242 1929 357 1970 cepta.
387 1921 487 1964 Quae
516 1921 592 1970 ipse
620 1921 691 1970 legi
717 1920 1197 1970 speciminasdescriptioni
1231 1920 1359 1957 Florae
1386 1921 1512 1956 rumel.
1542 1934 1613 1956 non
1647 1933 1687 1956 ex
1716 1922 1766 1955 in-

245 1993 345 2034 tegro
373 1983 646 2033 respondentia,
673 1983 770 2019 hisce
797 1985 892 2020 notis
921 1997 956 2019 se
983 1982 1160 2034 praebent

318 2047 430 2083 Radix
456 2047 681 2082 monocaulis
709 2047 762 2082 vel
788 2061 908 2083 ramos
934 2047 1057 2092 binos,
1086 2056 1182 2083 terve
1209 2048 1337 2093 edens,
1366 2060 1520 2097 quorum
1543 2048 1673 2082 unicus
1693 2056 1767 2082 tan-

245 2120 319 2145 tum
347 2110 543 2159 florigerus.
574 2110 674 2145 Folia
693 2111 886 2146 lanceolata
907 2111 1152 2160 irregulariter
1171 2110 1340 2156 dentata,
1368 2111 1662 2160 integerrimave,
1689 2124 1768 2145 mu—

245 2174 587 2219 eronulato-acuta‚
613 2172 782 2208 inferiora
813 2175 849 2208 in
877 2174 1047 2223 petiolum
1082 2182 1275 2209 attenuata.
1312 2173 1492 2208 Involucri
1520 2186 1688 2223 squamae
1725 2172 1767 2208 ad

246 2237 428 2286 spinarum
464 2245 581 2271 ortum
618 2237 811 2286 lanigerae.
850 2236 1019 2272 Anthodii
1057 2238 1177 2286 magni
1212 2238 1327 2273 conici
1362 2250 1444 2272 cum
1481 2237 1621 2272 corollis
1654 2237 1767 2271 aurei.

247 2300 378 2348 Spinae
406 2299 581 2335 involucri
615 2300 693 2335 basi
726 2301 896 2350 utrinque
925 2300 1234 2350 2-4—spinulosae.
1272 2301 1418 2350 Pappus
1445 2313 1601 2348 superne
1638 2299 1768 2335 avella-

248 2376 380 2398 naceus
409 2362 560 2398 achenio
588 2363 712 2412 glabro
740 2363 847 2413 triplo
876 2364 1024 2412 longior.
1053 2363 1179 2398 Planta
1206 2363 1360 2413 elegans,
1389 2363 1488 2398 caule
1516 2363 1675 2412 pollicari
1696 2363 1767 2411 spi-

247 2425 388 2461 thameo
415 2425 583 2475 foliisque
611 2427 947 2462 niveo-tomentosis.

328 2527 546 2562 CENTAUREA
573 2537 728 2562 emirum
755 2526 857 2561 Pens.

376 2602 446 2640 Hah.
475 2602 562 2652 Legi
589 2609 762 2638 autumno
789 2603 983 2652 incipiente
1012 2614 1122 2653 prope
1149 2616 1279 2652 pagum
1306 2602 1477 2651 Spartilla
1504 2603 1540 2636 in
1569 2601 1734 2651 Corcyra.
