2196 3310
460 272 508 305 (36
954 284 1137 307 sspiritum
1167 283 1363 306 0R1ENTALE
1397 284 1469 306 Eis„

924 394 1514 441 PYROLACEAE.

536 511 677 544 Pmom
710 520 868 545 SECUNDA
896 509 937 542 L.

582 584 651 620 Hah.
679 584 794 633 Aegre
823 585 951 620 crescit
978 585 1013 619 in
1042 584 1185 634 Olympi
1213 584 1301 620 bith.
1329 586 1476 634 regione
1504 585 1572 634 alp.
1603 585 1723 620 Floret
1749 586 1853 619 sulio.

956 686 1466 732 JASMINEAE.

530 802 712 837 JASMINUM
740 812 937 837 FRUTICANS
965 803 1005 835 L.

580 873 651 908 Hah.
680 871 762 921 Ipse
789 872 859 921 legi
887 871 932 906 ad
950 885 1051 922 sepes
1070 874 1166 908 circa
1183 874 1351 908 Brussam
1371 874 1563 909 asiaticam.
1593 873 1649 908 Ad
1671 872 1806 908 radices
1828 873 1970 921 Olympi

455 933 545 969 bith.
583 935 621 970 in
649 935 805 970 convalle
831 935 890 970 del
914 935 1090 970 Paradiso
1124 943 1330 985 nuncupata
1365 935 1410 970 ab
1438 936 1660 971 ornatissima
1688 936 1839 970 Domina
1872 936 1970 970 Jose—

452 996 562 1046 phina
588 997 736 1032 FossAT1
757 1011 828 1032 una
847 1010 929 1032 cum
946 998 981 1032 J.
1001 996 1177 1047 qfficinali
1195 998 1378 1033 inventum
1397 1006 1466 1042 est,
1495 999 1765 1047 speciminaque
1783 999 1968 1047 utriusque

454 1060 582 1108 speciei
610 1059 655 1094 ab
682 1060 735 1094 Ea
762 1062 915 1095 comiter
940 1060 1072 1109 accepi.

864 1161 1556 1207 ASCLEPIADEAE.

530 1277 754 1312 CYNANCHUM
781 1287 947 1313 ERECTUM
976 1277 1017 1311 L.

529 1348 751 1384 CYNANCHUM
778 1359 921 1384 ACUTUM
949 1349 989 1382 L.

579 1423 650 1460 Hah.
687 1422 793 1458 Circa
828 1423 999 1459 Brussam
1026 1432 1193 1474 utrasque
1220 1426 1355 1474 species
1394 1425 1482 1474 legi,
1509 1425 1577 1460 Jul.
1606 1425 1696 1473 Aug.
1725 1425 1830 1459 Prior
1862 1426 1966 1459 etiam

450 1487 487 1520 in
516 1486 669 1521 Graecia
695 1485 784 1521 mihi
813 1499 850 1522 se
877 1486 1015 1522 obtulit.

530 1549 600 1585 obs.
629 1549 671 1583 In
697 1549 953 1598 speciminibus
981 1549 1177 1586 brussianis
1206 1550 1246 1584 C.
1274 1554 1385 1586 erecti
1411 1549 1495 1585 folia
1520 1549 1634 1585 forma
1660 1552 1757 1585 varia
1775 1578 1785 1594 ‚
1813 1550 1963 1585 subinde

453 1611 623 1661 oblongam
659 1612 804 1661 insuper
839 1620 975 1648 statura
1009 1613 1145 1649 elatiori
1180 1612 1412 1662 caulibusque
1448 1612 1679 1648 debilioribus
1712 1614 1757 1648 ab
1784 1612 1963 1648 hellenicis

452 1673 637 1710 differunt.

526 1738 567 1773 In
596 1738 636 1773 C.
664 1745 771 1773 acuto
798 1737 880 1774 folia
906 1738 1088 1775 interdum
1114 1738 1443 1775 cordato-truncata
1470 1740 1712 1776 observantur.

907 1840 1495 1887 GENTIANEAE.

526 1956 676 1992 CnLonA
702 1966 925 1992 PERFOLIATA
951 1956 992 1991 L.

574 2028 643 2065 Hah.
671 2027 712 2062 In
740 2027 908 2077 Corcyra.

523 2129 742 2163 ERYTHRAEA
768 2139 1006 2166 RAMOSISSIMA
1032 2129 1136 2165 Psns.

572 2199 640 2235 [lab.
667 2199 709 2233 In
737 2199 854 2235 Attica
871 2228 880 2245 ‚
908 2199 953 2235 ad
979 2200 1225 2250 Kiepbyssum.

524 2299 713 2335 GENTIANA
740 2311 853 2336 LUTEA
880 2301 921 2334 L.

573 2371 644 2408 flab.
671 2369 761 2405 Mihi
786 2372 946 2406 occurrit
972 2384 1118 2420 perrara
1144 2373 1181 2407 in
1208 2373 1351 2423 regione
1379 2373 1498 2423 alpina
1534 2373 1676 2423 Olympi
1711 2373 1796 2408 bith.
1825 2374 1887 2421 qui
1913 2373 1954 2407 li—

449 2433 545 2467 mina
570 2432 664 2469 forte
691 2433 916 2469 australiorae
943 2447 1043 2469 areae
1069 2434 1215 2484 hujusce
1241 2436 1370 2485 speciei
1399 2437 1502 2472 sistit.

523 2532 708 2568 GENTIANA
736 2543 851 2569 VERNA
878 2533 918 2568 L.

572 2604 642 2640 [lab.
669 2603 808 2640 Eodem
834 2605 912 2641 loco
939 2619 979 2641 ac
1006 2606 1233 2654 praecedens.
